
@inproceedings{SASSI_ISCA,
  author = 	 {Mark Stephenson and Siva Kumar Sastry Hari and Yunsup Lee and Eiman Ebrahimi and Daniel R. Johnson and Mike O'Connor and David Nellans and Stephen W. Keckler},
	title = 	 "{Flexible Software Profiling of GPU Architectures}",
	booktitle=	"{Proceedings of the International Symposium on Computer Architecture (ISCA)}",
  year = 	 {2015},
}

@inproceedings{SASSIFI_ISPASS,
author = {Siva Kumar Sastry Hari and Timothy Tsai and Mark Stephenson and Stephen W. Keckler and Joel Emer },
title = "{Proceedings of the International Symposium on Performance Analysis of Systems and Software (ISPASS)}",
year = {2017},
}


@misc{SASSIFI_SELSE,
author = {Siva Kumar Sastry Hari and Timothy Tsai and Mark Stephenson and Joel Emer and Stephen W. Keckler},
title = "{Workshop on Silicon Errors in Logic - System Effects (SELSE)}",
year = {2015},
howpublished = "\url{http://www.selse.org/images/selse_2015/presentations/Hari.pdf}"
}

@misc{SASSI,
author = {NVIDIA},
title = "{SASSI: Flexible GPGPU instrumentation}",
year = {2015},
howpublished = "\url{https://github.com/NVlabs/SASSI}"
}

@misc{XlsxWriter,
title = "{Getting Started with XlsxWriter - XlsxWriter Documentation}",
howpublished = "\url{http://xlsxwriter.readthedocs.io/getting_started.html}"
}

@misc{lockfile,
title = "{lockfile 0.12.2 : Python Package Index}",
howpublished = "\url{https://pypi.python.org/pypi/lockfile}"
}


